@incollection{groetschel1995,
  author    = {Gr{\"{o}}tschel, Martin and Lov{\'{a}}sz, L{\'{a}}szl{\'{o}}},
  title     = {Combinatorial Optimization},
  booktitle = {Handbook of Combinatorics},
  editor    = {Graham, R. and Gr{\"{o}}tschel, M. and Lov{\'{a}}sz, L.},
  publisher = {Springer},
  year      = {1995},
  chapter   = {28},
  pages     = {1541--1593},
  url       = {https://www.zib.de/userpage/groetschel/pubnew/paper/groetschellovasz1995.pdf},
}

@book{punnen2022,
  author    = {Punnen, Abraham P.},
  title     = {The Quadratic Unconstrained Binary Optimization Problem},
  publisher = {Springer},
  year      = {2022},
  address   = {Cham, Switzerland},
  isbn      = {978-3-031-04519-6},
  doi       = {10.1007/978-3-031-04520-2},
  url       = {https://link.springer.com/book/10.1007/978-3-031-04520-2}
}

@article{32preskill2018nisq,
  title={Quantum Computing in the NISQ era and beyond},
  author={Preskill, John},
  journal={arXiv preprint arXiv:1801.00862},
  year={2018},
  url={https://arxiv.org/abs/1801.00862}
}

@article{31bravyi2018obstacles,
  title={Obstacles to State Preparation and Variational Optimization from Symmetry Protection},
  author={Bravyi, Sergey and Kliesch, Alexander and Koenig, Robert and Tang, Eugene},
  journal={arXiv preprint arXiv:1910.08980},
  year={2019},
  url={https://arxiv.org/abs/1910.08980}
}

@article{30barkoutsos2020,
  title={Improving Variational Quantum Optimization using CVaR},
  author={Barkoutsos, Panagiotis KI and Nannicini, Giacomo and Robert, Anton and Tavernelli, Ivano and Woerner, Stefan},
  journal={arXiv preprint arXiv:1907.04769},
  year={2019},
  url={https://arxiv.org/abs/1907.04769}
}

@article{29egger2020warmstarting,
  title={Warm-Starting quantum optimization},
  author={Egger, Daniel J. and Marecek, Jakub and Woerner, Stefan},
  journal={arXiv preprint arXiv:2009.10095},
  year={2020},
  url={https://arxiv.org/abs/2009.10095}
}

@article{19HALPERIN2004169,
title = {MAX CUT in cubic graphs},
journal = {Journal of Algorithms},
volume = {53},
number = {2},
pages = {169-185},
year = {2004},
issn = {0196-6774},
doi = {https://doi.org/10.1016/j.jalgor.2004.06.001},
url = {https://www.sciencedirect.com/science/article/pii/S0196677404000902},
author = {Eran Halperin and Dror Livnat and Uri Zwick},
}

@INPROCEEDINGS{204569755,
  author={Sahni, Sartaj and Gonzales, Teofilo},
  booktitle={15th Annual Symposium on Switching and Automata Theory (swat 1974)}, 
  title={P-complete problems and approximate solutions}, 
  year={1974},
  volume={},
  number={},
  pages={28-32},
  keywords={Polynomials;Computer science;Ear;Approximation algorithms;Traveling salesman problems;Terminology},
  doi={10.1109/SWAT.1974.22}}

@article{2018Wurtz_2021,
   title={MaxCut quantum approximate optimization algorithm performance guarantees for 
<mml:math xmlns:mml="http://www.w3.org/1998/Math/MathML"><mml:mrow><mml:mi>p</mml:mi><mml:mo>&gt;</mml:mo><mml:mn>1</mml:mn></mml:mrow></mml:math>},
   volume={103},
   ISSN={2469-9934},
   url={http://dx.doi.org/10.1103/PhysRevA.103.042612},
   DOI={10.1103/physreva.103.042612},
   number={4},
   journal={Physical Review A},
   publisher={American Physical Society (APS)},
   author={Wurtz, Jonathan and Love, Peter},
   year={2021},
   month=apr }

@inproceedings{21Esposito_2024,
   title={Hybrid Classical-Quantum Simulation of MaxCut using QAOA-in-QAOA},
   url={http://dx.doi.org/10.1109/IPDPSW63119.2024.00180},
   DOI={10.1109/ipdpsw63119.2024.00180},
   booktitle={2024 IEEE International Parallel and Distributed Processing Symposium Workshops (IPDPSW)},
   publisher={IEEE},
   author={Esposito, Aniello and Danzig, Tamuz},
   year={2024},
   month=may, pages={1088–1094} }

@misc{24crooks2018performancequantumapproximateoptimization,
      title={Performance of the Quantum Approximate Optimization Algorithm on the Maximum Cut Problem}, 
      author={Gavin E. Crooks},
      year={2018},
      eprint={1811.08419},
      archivePrefix={arXiv},
      primaryClass={quant-ph},
      url={https://arxiv.org/abs/1811.08419}, 
}

@misc{22augustino2024strategiesrunningqaoahundreds,
      title={Strategies for running the QAOA at hundreds of qubits}, 
      author={Brandon Augustino and Madelyn Cain and Edward Farhi and Swati Gupta and Sam Gutmann and Daniel Ranard and Eugene Tang and Katherine Van Kirk},
      year={2024},
      eprint={2410.03015},
      archivePrefix={arXiv},
      primaryClass={quant-ph},
      url={https://arxiv.org/abs/2410.03015}, 
}

@article{25Willsch_2020,
   title={Benchmarking the quantum approximate optimization algorithm},
   volume={19},
   ISSN={1573-1332},
   url={http://dx.doi.org/10.1007/s11128-020-02692-8},
   DOI={10.1007/s11128-020-02692-8},
   number={7},
   journal={Quantum Information Processing},
   publisher={Springer Science and Business Media LLC},
   author={Willsch, Madita and Willsch, Dennis and Jin, Fengping and De Raedt, Hans and Michielsen, Kristel},
   year={2020},
   month=jun }

@article{28bengtsoon2019improved,
  title={Improved success probability with greater circuit depth for the quantum approximate optimization algorithm},
  author={Bengtsson, Andreas and Vikstål, Pontus and Warren, Christopher and Svensson, Maika and Gu, Xiu and Kockum, Anton Frisk and Krantz, Philip and Križan, Christian and Shiri, Dayoush and Svensson, Ida-Maria and Tancredi, Giovanna and Johansson, Göran and Delsing, Per and Ferrini, Giulia and Bylander, Jonas},
  journal={arXiv preprint arXiv:1912.10495},
  year={2019},
  url={https://arxiv.org/abs/1912.10495}
}

@article{27harrigan2020nonplanargraphs,
  title={Quantum Approximate Optimization of Non-Planar Graph Problems on a Plana Superconducting Processor},
  author={Matthew P. Harrigan et al.},
  journal={arXiv preprint arXiv:2004.04197},
  year={2020},
  url={https://arxiv.org/abs/2004.04197}
}

@article{26Lotshaw_2021,
   title={Empirical performance bounds for quantum approximate optimization},
   volume={20},
   ISSN={1573-1332},
   url={http://dx.doi.org/10.1007/s11128-021-03342-3},
   DOI={10.1007/s11128-021-03342-3},
   number={12},
   journal={Quantum Information Processing},
   publisher={Springer Science and Business Media LLC},
   author={Lotshaw, Phillip C. and Humble, Travis S. and Herrman, Rebekah and Ostrowski, James and Siopsis, George},
   year={2021},
}

@misc{wolfram,
  author       = {Weisstein, Eric W.},
  title        = {NP-Problem},
  url          = {https://mathworld.wolfram.com/NP-Problem.html},
  publisher    = {Wolfram MathWorld}
}

@misc{CommanderMaxCut,
  author       = {Commander, Clayton W.},
  title        = {Maximum Cut Problem (MAX-CUT)},
  year         = {2008},
  url          = {https://link.springer.com/referenceworkentry/10.1007/978-0-387-74759-0_358}
}

@article{GWalgorithm,
  author       = {Goemans, Michel and Williamson, David},
  title        = {Improved approximation algorithms for maximum cut and satisfiability problems using semidefinite programming},
  journal      = {Journal of the Association for Computing Machinery},
  year         = {1995},
  volume       = {42},
  number       = {6},
  pages        = {1115--1145},
  doi          = {10.1145/227683.227684},
  url          = {https://dl.acm.org/doi/10.1145/227683.227684},
  publisher    = {ACM}
}

@article{hastad2001,
  author       = {Håstad, Johan},
  title        = {Some optimal inapproximability results},
  journal      = {Journal of the ACM},
  year         = {2001},
volume       = {48},
  number       = {4},
  pages        = {798--859},
  doi          = {10.1145/502090.502098},
  url          = {https://dl.acm.org/doi/10.1145/502090.502098}
}

@article{vqa2021,
  author       = {Cerezo, M. and Arrasmith, Andrew and Babbush, Ryan and Benjamin, Simon C. and Endo, Suguru and Fujii,Keisuke and McClean,Jarrod R. and Mitarai, Kosuke and  Yuan, Xiao and Cincio, Lukasz and Coles, Patrick J.},
  title        = {Variational quantum algorithms},
  journal      = {Nature Reviews Physics},
  year         = {2021},
volume       = {3},
  pages        = {625--644},
  doi          = {10.1038/s42254-021-00348-9},
}

@article{vqe2014,
  author       = {Peruzzo, Alberto and McClean, Jarrod and Shadbolt, Peter and Yung, Man-Hong and Zhou,Xiao-Qi and Love, Peter J. and Aspuru-Guzik, Alán and O’Brien, Jeremy L.},
  title        = {A variational eigenvalue solver on a photonic quantum processor},
  journal      = {Nature Communications},
  year         = {2014},
volume       = {5},
  url          = {https://doi.org/10.1038/ncomms5213},
}

@article{vqeExt2016,
  author       = {McClean, Jarrod R. and Romero, Jonathan and Babbush, Ryan and Aspuru-Guzik, Alán},
  title        = {The theory of variational hybrid quantum-classical
algorithms},
  journal      = {New Journal of Physics},
  year         = {2016},
volume       = {18},
  doi          = {10.1088/1367-2630/18/2/023023},
}

@article{vqeReview,
title = {The Variational Quantum Eigensolver: A review of methods and best practices},
journal = {Physics Reports},
volume = {986},
pages = {1-128},
year = {2022},
issn = {0370-1573},
doi = {https://doi.org/10.1016/j.physrep.2022.08.003},
author = {Jules Tilly and Hongxiang Chen and Shuxiang Cao and Dario Picozzi and Kanav Setia and Ying Li and Edward Grant and Leonard Wossnig and Ivan Rungger and George H. Booth and Jonathan Tennyson}
}

@article{qaa2001,
author = {Edward Farhi  and Jeffrey Goldstone  and Sam Gutmann  and Joshua Lapan  and Andrew Lundgren  and Daniel Preda },
title = {A Quantum Adiabatic Evolution Algorithm Applied to Random Instances of an NP-Complete Problem},
journal = {Science},
volume = {292},
number = {5516},
pages = {472-475},
year = {2001},
doi = {10.1126/science.1057726},
}

@misc{trot2023,
      title={Trotterization in Quantum Theory}, 
      author={Grant Kluber},
      year={2023},
      eprint={2310.13296},
      archivePrefix={arXiv},
      primaryClass={quant-ph},
      url={https://arxiv.org/abs/2310.13296}, 
}

@article{review2024,
title = {A review on Quantum Approximate Optimization Algorithm and its variants},
journal = {Physics Reports},
volume = {1068},
pages = {1-66},
year = {2024},
note = {A review on Quantum Approximate Optimization Algorithm and its variants},
issn = {0370-1573},
doi = {https://doi.org/10.1016/j.physrep.2024.03.002},
author = {Kostas Blekos and Dean Brand and Andrea Ceschini and Chiao-Hui Chou and Rui-Hao Li and Komal Pandya and Alessandro Summer}
}

@misc{farhiQAOA,
      title={A Quantum Approximate Optimization Algorithm}, 
      author={Edward Farhi and Jeffrey Goldstone and Sam Gutmann},
      year={2014},
      eprint={1411.4028},
      archivePrefix={arXiv},
      primaryClass={quant-ph},
      url={https://arxiv.org/abs/1411.4028}, 
}

@book{classBook,
  author    = {Brown, Kenneth R.},
  title     = {Introduction to Quantum Engineering},
  publisher = {Brown Lab Publishing},
  year      = {2024},
}

@article{qaoaNearTerm,
  title = {Quantum Approximate Optimization Algorithm: Performance, Mechanism, and Implementation on Near-Term Devices},
  author = {Zhou, Leo and Wang, Sheng-Tao and Choi, Soonwon and Pichler, Hannes and Lukin, Mikhail D.},
  journal = {Phys. Rev. X},
  volume = {10},
  issue = {2},
  pages = {021067},
  numpages = {23},
  year = {2020},
  publisher = {American Physical Society},
  doi = {10.1103/PhysRevX.10.021067},
}

@article{feige2002,
title = {Improved approximation of Max-Cut on graphs of bounded degree},
journal = {Journal of Algorithms},
volume = {43},
number = {2},
pages = {201-219},
year = {2002},
issn = {0196-6774},
doi = {https://doi.org/10.1016/S0196-6774(02)00005-6},
author = {Uriel Feige and Marek Karpinski and Michael Langberg}
}


@article{Sanders_2020,
   title={Compilation of Fault-Tolerant Quantum Heuristics for Combinatorial Optimization},
   volume={1},
   ISSN={2691-3399},
   url={http://dx.doi.org/10.1103/PRXQuantum.1.020312},
   DOI={10.1103/prxquantum.1.020312},
   number={2},
   journal={PRX Quantum},
   publisher={American Physical Society (APS)},
   author={Sanders, Yuval R. and Berry, Dominic W. and Costa, Pedro C.S. and Tessler, Louis W. and Wiebe, Nathan and Gidney, Craig and Neven, Hartmut and Babbush, Ryan},
   year={2020},
   month=nov }
